<?xml version="1.0" encoding="UTF-8"?><collection xmlns="http://www.loc.gov/MARC21/slim"><record><leader>00421nam--2200121-i-4500</leader><controlfield tag="001">000035421</controlfield><controlfield tag="002">20161230</controlfield><controlfield tag="005">20161230201040</controlfield><controlfield tag="008">060222s1000------------r-----000-0-eng-d</controlfield><datafield ind1=" " ind2=" " tag="080"><subfield code="a">629.19:621.039.578</subfield></datafield><datafield ind1=" " ind2=" " tag="245"><subfield code="a">National topical meeting on aerospace nuclear applications.huntsville. alabama, april 28. 29. 30, 1970</subfield></datafield><datafield ind1=" " ind2=" " tag="260"><subfield code="a">Huntsville, Alabama, American Nuclear Society, 1970. Topical Meeting. Xi + 562p</subfield></datafield><datafield ind1=" " ind2=" " tag="852"><subfield code="a">34589</subfield></datafield></record></collection>